<?xml version="1.0" encoding="UTF-8"?><collection xmlns="http://www.loc.gov/MARC21/slim"><record><leader>00431nam--2200145-i-4500</leader><controlfield tag="001">000013279</controlfield><controlfield tag="002">20161230</controlfield><controlfield tag="005">20170305194244</controlfield><controlfield tag="008">060222s1000------------r-----000-0-eng-d</controlfield><datafield ind1=" " ind2=" " tag="100"><subfield code="a">Cercel, Vasile Liviu</subfield></datafield><datafield ind1=" " ind2=" " tag="245"><subfield code="a">Structuri celulare in sistemele de prelucrare a datelor</subfield><subfield code="b">teza</subfield></datafield><datafield ind1=" " ind2=" " tag="260"><subfield code="a">Bucuresti</subfield><subfield code="b">Institutul De Fizica Si Inginerie Nucleara</subfield><subfield code="c">1980</subfield></datafield><datafield ind1=" " ind2=" " tag="300"><subfield code="a">187 p</subfield></datafield><datafield ind1=" " ind2=" " tag="852"><subfield code="a">681.3.012(043)</subfield></datafield><datafield ind1=" " ind2=" " tag="CAT"><subfield code="a">SYS</subfield><subfield code="c">20170305</subfield><subfield code="h">194244</subfield></datafield></record></collection>